<?xml version="1.0" encoding="UTF-8"?><record xmlns="http://www.loc.gov/MARC21/slim" xmlns:cinclude="http://apache.org/cocoon/include/1.0" xmlns:zs="http://www.loc.gov/zing/srw/">
  <leader>00520cz  a2200157n  4500</leader>
  <controlfield tag="001">n  86860878 </controlfield>
  <controlfield tag="003">DLC</controlfield>
  <controlfield tag="005">20141209094458.0</controlfield>
  <controlfield tag="008">861027n| azannaab           |a aaa     c</controlfield>
  <datafield tag="010" ind1=" " ind2=" ">
    <subfield code="a">n  86860878 </subfield>
  </datafield>
  <datafield tag="040" ind1=" " ind2=" ">
    <subfield code="a">ICU</subfield>
    <subfield code="b">eng</subfield>
    <subfield code="e">rda</subfield>
    <subfield code="c">ICU</subfield>
    <subfield code="d">DLC</subfield>
  </datafield>
  <datafield tag="046" ind1=" " ind2=" ">
    <subfield code="f">1896</subfield>
  </datafield>
  <datafield tag="100" ind1="1" ind2=" ">
    <subfield code="a">Sarver, Landon A.</subfield>
    <subfield code="q">(Landon Arndale),</subfield>
    <subfield code="d">1896-</subfield>
  </datafield>
  <datafield tag="378" ind1=" " ind2=" ">
    <subfield code="q">Landon Arndale</subfield>
  </datafield>
  <datafield tag="400" ind1="1" ind2="0">
    <subfield code="w">nna</subfield>
    <subfield code="a">Sarver, Landon Arndale,</subfield>
    <subfield code="d">1896-</subfield>
  </datafield>
  <datafield tag="670" ind1=" " ind2=" ">
    <subfield code="a">LCCN 41-25159: Yoe, J. Organic analytical reagents, 1941</subfield>
    <subfield code="b">(hdg.: Sarver, Landon Arndale, 1896- ; usage: Landon A. Sarver)</subfield>
  </datafield>
</record>